
@online{65TiaoXiaoXiJiSuanQianDaoLingCYuYanShiXianU013073067DeBoKeCSDNBoKe,
  title = {(65条消息) {{计算前导零C语言实现}}\_u013073067的博客-{{CSDN博客}}\_计算前导零},
  url = {https://blog.csdn.net/u013073067/article/details/109407456},
  urldate = {2021-11-19},
  file = {C\:\\Users\\haojiang\\Zotero\\storage\\JDUUVDJL\\109407456.html}
}

@online{AUTOSARNVMIntroduction,
  title = {{{AUTOSAR NVM Introduction}} -- {{Part}} 2\_{{StarFlex}}-{{CSDN博客}}},
  url = {https://blog.csdn.net/tiankefeng19850520/article/details/120071207},
  urldate = {2021-11-14},
  file = {C\:\\Users\\haojiang\\Zotero\\storage\\7UV4VRJL\\120071207.html}
}

@online{AUTOSARNVMIntroductiona,
  title = {{{AUTOSAR NVM Introduction}} -- {{Part}} 1\_{{StarFlex}}-{{CSDN博客}}},
  url = {https://blog.csdn.net/tiankefeng19850520/article/details/120071146},
  urldate = {2021-11-14},
  file = {C\:\\Users\\haojiang\\Zotero\\storage\\L56PASZR\\120071146.html}
}

@online{AUTOSARNVMShuJuChuLiJiZhi,
  title = {{{AUTOSAR}} —— {{NVM}} 5：数据处理机制\_u011807371的博客-{{CSDN博客}}\_autosar Nvm},
  url = {https://blog.csdn.net/u011807371/article/details/103333530?spm=1001.2101.3001.6650.5&utm_medium=distribute.pc_relevant.none-task-blog-2%7Edefault%7EBlogCommendFromBaidu%7Edefault-5.no_search_link&depth_1-utm_source=distribute.pc_relevant.none-task-blog-2%7Edefault%7EBlogCommendFromBaidu%7Edefault-5.no_search_link},
  urldate = {2021-11-14},
  file = {C\:\\Users\\haojiang\\Zotero\\storage\\VL9GSHH2\\103333530.html}
}

@online{AUTOSARZhiFEEMoKuaiJieShao2021,
  title = {AUTOSAR之FEE模块介绍},
  date = {2021-11-12},
  url = {https://zhuanlan.zhihu.com/p/113408180},
  urldate = {2021-11-12},
  abstract = {FEE（Flash EEPROM Emulation），即Flash模拟EEPROM。为什么要用Flash模拟EEPROM？下面我们来看下两者之间的区别。 Non-volatile memory，非易失性存储器，就是断电后可以保存数据的存储器。我们知道Flash和EEPROM…},
  langid = {chinese},
  organization = {{知乎专栏}},
  keywords = {FEE},
  file = {C\:\\Users\\haojiang\\Zotero\\storage\\NY9J7B3E\\113408180.html}
}

@book{boatrightAutomotiveEthernetDefinitive2014,
  title = {Automotive {{Ethernet}} - {{The Definitive Guide}}},
  author = {Boatright, Robert B and Quesnelle, Jeffrey and Kozierok, Charles M and Correa, Colt},
  date = {2014-10},
  publisher = {{Intrepid Control Systems}},
  location = {{United States}},
  doi = {10.4271/099053880X},
  url = {https://saemobilus.sae.org/content/B-977/},
  urldate = {2021-11-14},
  isbn = {978-0-9905388-0-6},
  langid = {english},
  file = {C\:\\Users\\haojiang\\Zotero\\storage\\ZXX5Z9WD\\Boatright 等。 - 2014 - Automotive Ethernet - The Definitive Guide.pdf}
}

@online{CheZaiYiTaiWangShang2021,
  title = {车载以太网（上）},
  date = {2021-11-12},
  url = {https://zhuanlan.zhihu.com/p/263013990},
  urldate = {2021-11-12},
  abstract = {一、背景车载以太网的出现背景楼主就不多做赘述了，其实主要是因汽车E/E架构和功能的复杂度提升而带来的对车辆数据传输带宽提高和通讯方式改变（基于服务的通讯-SOA）的需求。 就目前汽车总线的应用情况，成本低、…},
  langid = {chinese},
  organization = {{知乎专栏}},
  keywords = {车载以太网},
  file = {C\:\\Users\\haojiang\\Zotero\\storage\\XXDMR7CW\\263013990.html}
}

@online{CheZaiYiTaiWangXia2021,
  title = {车载以太网（下）},
  date = {2021-11-12},
  url = {https://zhuanlan.zhihu.com/p/264790403},
  urldate = {2021-11-12},
  abstract = {接上篇《车载以太网（上）和（中）》，楼主在本篇收下尾，需要说明的是，车载以太网涉及的知识点太多了，楼主整理和介绍的是有限的，感兴趣的童鞋可针对每个点再深入查阅资料。 一、SOME/IP介绍如上篇阐述的， 车…},
  langid = {chinese},
  organization = {{知乎专栏}},
  keywords = {车载以太网},
  file = {C\:\\Users\\haojiang\\Zotero\\storage\\SCB7UN2Z\\264790403.html}
}

@online{CheZaiYiTaiWangZhong2021,
  title = {车载以太网（中）},
  date = {2021-11-12},
  url = {https://zhuanlan.zhihu.com/p/263014666},
  urldate = {2021-11-12},
  abstract = {接上一篇《车载以太网（上）》，这篇主要介绍以太帧的结构及传输一、车载以太网帧结构以太网帧的格式如下： 以太帧有多种类型，不同类型的帧具有不同的格式和MTU值，但在同种物理媒体上都可同时存在。常见有 两种…},
  langid = {chinese},
  organization = {{知乎专栏}},
  keywords = {车载以太网},
  file = {C\:\\Users\\haojiang\\Zotero\\storage\\A37I82XL\\263014666.html}
}

@online{huenweiS32DSShiYongTipsS32DSPower2021,
  title = {{{S32DS使用Tips}}--{{S32DS}} for {{Power V1}}.2 链接文件和启动过程详解},
  author = {{胡恩伟}},
  date = {2021-11-12},
  url = {http://mp.weixin.qq.com/s?__biz=MzI0MDk0ODcxMw==&mid=2247484307&idx=1&sn=858b9dc262f75cbb4ff2b849a9b061f1&chksm=e9124715de65ce03d9b4f48f94fb4fb74b9d3673c68c4f5de08a3454adeb8184290d433be59b#rd},
  urldate = {2021-11-12},
  abstract = {本文对S32DS for Power V1.2 应用工程的链接文件和启动过程进行了详细介绍，同时也介绍了如何通过应用工程的链接文件和启动文件实现用户自定义data和code段以及重定向代码/函数的自动拷贝实现方法和步骤。},
  organization = {{微信公众平台}},
  keywords = {链接},
  file = {C\:\\Users\\haojiang\\Zotero\\storage\\IBKFF4UK\\胡恩伟 - 2021 - S32DS使用Tips--S32DS for Power V1.2 链接文件和启动过程详解.pdf;C\:\\Users\\haojiang\\Zotero\\storage\\FTSQDSJI\\胡恩伟 - S32DS使用Tips--S32DS for Power V1.2 链接文件和启动过程详解.html}
}

@online{LianLuJuHeKnowledgeWarehouseCSDNBoKe2021,
  title = {链路聚合\_{{Knowledge}} Warehouse-{{CSDN博客}}\_链路聚合},
  date = {2021-11-12},
  url = {https://blog.csdn.net/qq_42248536/article/details/89294301},
  urldate = {2021-11-12},
  keywords = {链路聚合},
  file = {C\:\\Users\\haojiang\\Zotero\\storage\\7K5XEPIA\\链路聚合_Knowledge warehouse-CSDN博客_链路聚合.html}
}

@online{LiYongOneDriveShiXianLiangTaiDianNaoJianZoteroWenXianKuDeTongBuZhiHu,
  title = {{{利用OneDrive实现两台电脑间Zotero文献库的同步}} - 知乎},
  url = {https://zhuanlan.zhihu.com/p/390596338},
  urldate = {2021-11-14},
  file = {C\:\\Users\\haojiang\\Zotero\\storage\\8ZYW2WN3\\390596338.html}
}

@article{mcdaidEEPROMEmulationQorivva,
  title = {{{EEPROM Emulation}} with {{Qorivva MPC55xx}}, {{MPC56xx}}, and {{MPC57xx Microcontrollers}}},
  author = {McDaid, David},
  pages = {17},
  langid = {english},
  file = {C\:\\Users\\haojiang\\Zotero\\storage\\EPGMFUQC\\McDaid - EEPROM Emulation with Qorivva MPC55xx, MPC56xx, an.pdf}
}

@online{TongGuoInkscapeJiangSVGPiLiangZhuanPDF,
  title = {通过Inkscape将SVG批量转PDF},
  url = {https://zhuanlan.zhihu.com/p/144722704},
  urldate = {2021-11-19},
  abstract = {Inkscape介绍Inkscape 是一款开源的矢量画图软件，和微软的Vision类似，可以将SVG文件转化为PDF。 起因因为SVG无法直接插入LaTeX，所以每次我都要手动在Inkcape中将SVG保存成PDF，但数量一多时，转化过程即麻烦又…},
  langid = {chinese},
  organization = {{知乎专栏}},
  file = {C\:\\Users\\haojiang\\Zotero\\storage\\4MS2R582\\144722704.html}
}

@online{VisualStudioCode,
  title = {Visual {{Studio Code Variables Reference}}},
  url = {https://code.visualstudio.com/docs/editor/variables-reference},
  urldate = {2021-11-14},
  abstract = {Visual Studio Code variable substitution reference},
  langid = {english},
  file = {C\:\\Users\\haojiang\\Zotero\\storage\\R4RPWTPD\\variables-reference.html}
}

@online{ZaiLaTeXZhongYouYaDiChaRuDaiMaBingShiYongConsolasZiTiSothanCSDNBoKe,
  title = {{{在LaTeX中优雅地插入代码}}，{{并使用Consolas字体}}！\_{{Sothan}}-{{CSDN博客}}\_latex 代码字体},
  url = {https://blog.csdn.net/Mrx_Nh/article/details/75105031},
  urldate = {2021-11-14},
  file = {C\:\\Users\\haojiang\\Zotero\\storage\\JZMDMHK6\\75105031.html}
}

@online{ZoteroTongBuOnedrive2021,
  title = {Zotero同步Onedrive},
  date = {2021-11-12},
  url = {https://zhuanlan.zhihu.com/p/31869164},
  urldate = {2021-11-12},
  abstract = {以我使用的Onedrive为例，在Onedrive文件夹里面新建Zotero文件夹，复制路径为C:\textbackslash Users\textbackslash 用户名\textbackslash OneDrive\textbackslash Zotero。 之后，在Zotero-Edit-Preferences-Sync内，将“同步文献库中的附件，使用…”前的选项框的勾选去掉…},
  langid = {chinese},
  organization = {{知乎专栏}},
  file = {C\:\\Users\\haojiang\\Zotero\\storage\\X5ZY8B3R\\31869164.html}
}


